<record><leader>00000cas a2200000 a 4500</leader><controlfield tag="001">17737533</controlfield><controlfield tag="008">880405c19889999fludr ne      0   a0eng c</controlfield><datafield ind1=" " ind2=" " tag="010"><subfield code="a">sn 88007082 </subfield></datafield><datafield ind1=" " ind2=" " tag="040"><subfield code="a">NSD</subfield><subfield code="b">eng</subfield><subfield code="c">NSD</subfield><subfield code="d">FUG</subfield><subfield code="d">OCL</subfield><subfield code="d">OCLCQ</subfield><subfield code="d">OCLCF</subfield><subfield code="d">OCLCO</subfield><subfield code="d">CUS</subfield></datafield><datafield ind1=" " ind2=" " tag="012"><subfield code="m">1</subfield></datafield><datafield ind1=" " ind2=" " tag="019"><subfield code="a">17894393</subfield></datafield><datafield ind1="1" ind2=" " tag="022"><subfield code="a">0898-168X</subfield><subfield code="l">0898-168X</subfield><subfield code="2">1</subfield></datafield><datafield ind1=" " ind2=" " tag="032"><subfield code="a">435680</subfield><subfield code="b">USPS</subfield></datafield><datafield ind1=" " ind2=" " tag="037"><subfield code="b">Northwest Florida Daily News, PO Box 2949, 200 Racetrack Rd. N.W., Fort Walton Beach, FL 32549</subfield></datafield><datafield ind1=" " ind2=" " tag="042"><subfield code="a">nsdp</subfield><subfield code="a">pcc</subfield></datafield><datafield ind1=" " ind2=" " tag="043"><subfield code="a">n-us-fl</subfield></datafield><datafield ind1=" " ind2=" " tag="090"><subfield code="a">F319.F76</subfield><subfield code="b">P52</subfield></datafield><datafield ind1=" " ind2="0" tag="222"><subfield code="a">Northwest Florida daily news</subfield></datafield><datafield ind1="0" ind2="0" tag="245"><subfield code="a">Northwest Florida daily news.</subfield></datafield><datafield ind1="3" ind2="0" tag="246"><subfield code="a">Daily news</subfield></datafield><datafield ind1=" " ind2=" " tag="260"><subfield code="a">Fort Walton Beach, Fla. :</subfield><subfield code="b">Northwest Florida Daily News</subfield></datafield><datafield ind1=" " ind2=" " tag="300"><subfield code="a">v. :</subfield><subfield code="b">ill. ;</subfield><subfield code="c">59 cm.</subfield></datafield><datafield ind1=" " ind2=" " tag="310"><subfield code="a">Daily</subfield></datafield><datafield ind1="1" ind2=" " tag="362"><subfield code="a">Began in 1988.</subfield></datafield><datafield ind1=" " ind2=" " tag="588"><subfield code="a">Description based on: 43rd year, no. 1 (Feb. 7, 1988).</subfield></datafield><datafield ind1=" " ind2=" " tag="588"><subfield code="a">Latest issue consulted: 49th year, no. 354 (Jan. 25, 1996).</subfield></datafield><datafield ind1=" " ind2="0" tag="651"><subfield code="a">Fort Walton Beach (Fla.)</subfield><subfield code="v">Newspapers.</subfield></datafield><datafield ind1=" " ind2="0" tag="651"><subfield code="a">Okaloosa County (Fla.)</subfield><subfield code="v">Newspapers.</subfield></datafield><datafield ind1=" " ind2="7" tag="651"><subfield code="a">Florida</subfield><subfield code="z">Fort Walton Beach.</subfield><subfield code="2">fast</subfield><subfield code="0">(OCoLC)fst01216523</subfield></datafield><datafield ind1=" " ind2="7" tag="651"><subfield code="a">Florida</subfield><subfield code="z">Okaloosa County.</subfield><subfield code="2">fast</subfield><subfield code="0">(OCoLC)fst01215782</subfield></datafield><datafield ind1=" " ind2="7" tag="655"><subfield code="a">Newspapers.</subfield><subfield code="2">fast</subfield><subfield code="0">(OCoLC)fst01423814</subfield></datafield><datafield ind1=" " ind2=" " tag="752"><subfield code="a">United States</subfield><subfield code="b">Florida</subfield><subfield code="c">Okaloosa</subfield><subfield code="d">Fort Walton Beach.</subfield></datafield><datafield ind1="0" ind2=" " tag="770"><subfield code="t">Destin East</subfield><subfield code="w">(DLC)sn 96027353</subfield><subfield code="w">(OCoLC)34148418</subfield></datafield><datafield ind1="0" ind2="8" tag="776"><subfield code="i">Online version:</subfield><subfield code="t">Northwest Florida daily news (Online)</subfield><subfield code="w">(OCoLC)54398094</subfield></datafield><datafield ind1="0" ind2="0" tag="780"><subfield code="t">Playground daily news</subfield><subfield code="w">(OCoLC)12564155</subfield></datafield><datafield ind1="4" ind2="1" tag="856"><subfield code="u">http://search.ebscohost.com/login.aspx?direct=true&amp;db=nfh&amp;jid=Northwest_Florida_Daily_News__Fort_Walton_Beach__FL_&amp;site=ehost-live</subfield></datafield><datafield ind1="1" ind2=" " tag="029"><subfield code="a">AU@</subfield><subfield code="b">000020504590</subfield></datafield><datafield ind1="1" ind2=" " tag="029"><subfield code="a">NZ1</subfield><subfield code="b">13854368</subfield></datafield></record>